@online{wiki:lcd,
  author       = "Wikipedia",
  title        = "Наибольший общий делитель",
  howpublished = "Википедия, свободная энциклопедия",
  year         = 2012,
  url          = {http://goo.gl/1eEF3},
  urldate      = "08.04.2013",
  language     = "russian"
}
@misc{1409.3215,
Author = {Ilya Sutskever and Oriol Vinyals and Quoc V. Le},
Title = {Sequence to Sequence Learning with Neural Networks},
Year = {2014},
Eprint = {arXiv:1409.3215},
}
@misc{blog:seq2seq,
  author = {Guillaume Genthial},
  title = {Seq2Seq with Attention and Beam Search},
  howpublished = "\url{https://guillaumegenthial.github.io/sequence-to-sequence.html}",
  year = {2017},
}
@misc{1701.00160,
Author = {Ian Goodfellow},
Title = {NIPS 2016 Tutorial: Generative Adversarial Networks},
Year = {2016},
Eprint = {arXiv:1701.00160},
}
@book{book:salp,
  title      = {Speech and Language Processing (3rd ed. draft)},
  author     = {Dan Jurafsky and James H. Martin},
  url        = {http://web.stanford.edu/~jurafsky/slp3/},
  year       = {2018},
  language   = {english},
}
@misc{lecture:lm,
  author = {Dan Jurafsky},
  title = {Language Modeling},
  howpublished = "\url{https://web.stanford.edu/class/cs124/lec/languagemodeling.pdf}",
  year = {2018},
}
@misc{bleu,
Author = {Kishore Papineni, Salim Roukos, Todd Ward, and Wei-Jing Zhu},
Title = {BLEU: a Method for Automatic Evaluation of Machine Translation},
Year = {2002},
howpublished = "\url{https://www.aclweb.org/anthology/P02-1040.pdf}",
}
@misc{bleu_critique,
Author = {Chris Callison-Burch Miles Osborne Philipp Koehn},
Title = {Re-evaluating the Role of Bleu in Machine Translation Research},
Year = {2006},
howpublished = "\url{http://homepages.inf.ed.ac.uk/miles/papers/eacl06.pdf}",
}
@misc{1802.01886,
Author = {Yaoming Zhu and Sidi Lu and Lei Zheng and Jiaxian Guo and Weinan Zhang and Jun Wang and Yong Yu},
Title = {Texygen: A Benchmarking Platform for Text Generation Models},
Year = {2018},
Eprint = {arXiv:1802.01886},
}
@misc{1606.03498,
Author = {Tim Salimans and Ian Goodfellow and Wojciech Zaremba and Vicki Cheung and Alec Radford and Xi Chen},
Title = {Improved Techniques for Training GANs},
Year = {2016},
Eprint = {arXiv:1606.03498},
}
@online{yatoloka,
  author       = "Yandex",
  title        = "Яндекс.Толока",
  year         = 2018,
  url          = {https://toloka.yandex.ru/},
  language     = "russian"
}
@online{mturk,
  author       = "Amazon",
  title        = "Amazon Mechanical Turk",
  year         = 2018,
  url          = {https://www.mturk.com/},
  language     = "english"
}
@misc{rnnlm,
Author = {Toma´s Mikolov, Martin Karafiat, Luka´s Burget, Jan “Honza” Cernock, Sanjeev Khudanpur},
Title = {Recurrent neural network based language model},
Year = {2010},
howpublished = "\url{http://www.fit.vutbr.cz/research/groups/speech/publi/2010/mikolov_interspeech2010_IS100722.pdf}",
}
@misc{statmodel1,
Author = {Stanley F. Chen, Joshua Goodman},
Title = {An Empirical Study of Smoothing Techniques for Language Modeling},
Year = {1996},
howpublished = "\url{http://www.aclweb.org/anthology/P96-1041}",
}
@misc{statmodel2,
Author = {Philipp Koehn, Franz Josef Och, Daniel Marcu},
Title = {Statistical Phrase-Based Translation},
Year = {2003},
howpublished = "\url{http://www.aclweb.org/anthology/N03-1017}",
}
@misc{1602.02410,
Author = {Rafal Jozefowicz and Oriol Vinyals and Mike Schuster and Noam Shazeer and Yonghui Wu},
Title = {Exploring the Limits of Language Modeling},
Year = {2016},
Eprint = {arXiv:1602.02410},
}
@online{wiki:kldiv,
  author       = "Wikipedia",
  title        = "Расстояние Кульбака — Лейблера",
  howpublished = "Википедия, свободная энциклопедия",
  year         = 2018,
  url          = {https://ru.wikipedia.org/wiki/Расстояние_Кульбака_—_Лейблера},
  language     = "russian"
}
@online{vetrovgan,
  author       = "Vetrov D.",
  title        = "Implicit probabilistic models",
  year         = 2018,
  url          = {https://yadi.sk/i/Gi-8h2Ph3T87ep},
  language     = "russian"
}
@online{wiki:token,
  author       = "Wikipedia",
  title        = "Лексический анализ",
  howpublished = "Википедия, свободная энциклопедия",
  year         = 2018,
  url          = {https://ru.wikipedia.org/wiki/Лексический_анализ},
  language     = "russian"
}
@misc{1508.07909,
Author = {Rico Sennrich and Barry Haddow and Alexandra Birch},
Title = {Neural Machine Translation of Rare Words with Subword Units},
Year = {2015},
Eprint = {arXiv:1508.07909},
}
@online{charnn,
  author       = "Vetrov D.",
  title        = "Implicit probabilistic models",
  year         = 2015,
  url          = {http://karpathy.github.io/2015/05/21/rnn-effectiveness/},
  language     = "english"
}
@online{onehot,
  author       = "Rakshith Vasudev",
  title        = "What is One Hot Encoding? Why And When do you have to use it?",
  year         = 2017,
  url          = {https://hackernoon.com/what-is-one-hot-encoding-why-and-when-do-you-have-to-use-it-e3c6186d008f},
  language     = "english"
}
@misc{word2vec,
Author = {Tomas Mikolov and Kai Chen and Greg Corrado and Jeffrey Dean},
Title = {Efficient Estimation of Word Representations in Vector Space},
Year = {2013},
Eprint = {arXiv:1301.3781},
}
@inproceedings{glove,
  author = {Jeffrey Pennington and Richard Socher and Christopher D. Manning},
  booktitle = {Empirical Methods in Natural Language Processing (EMNLP)},
  title = {GloVe: Global Vectors for Word Representation},
  year = {2014},
  pages = {1532--1543},
  url = {http://www.aclweb.org/anthology/D14-1162},
}
@misc{elmo,
Author = {Matthew E. Peters and Mark Neumann and Mohit Iyyer and Matt Gardner and Christopher Clark and Kenton Lee and Luke Zettlemoyer},
Title = {Deep contextualized word representations},
Year = {2018},
Eprint = {arXiv:1802.05365},
}
@misc{1412.3555,
Author = {Junyoung Chung and Caglar Gulcehre and KyungHyun Cho and Yoshua Bengio},
Title = {Empirical Evaluation of Gated Recurrent Neural Networks on Sequence Modeling},
Year = {2014},
Eprint = {arXiv:1412.3555},
}
@misc{lstm,
Author = {Sepp Hochreiter, Jurgen Schmidhuber},
Title = {LONG SHORT-TERM MEMORY},
Year = {1997},
howpublished = "\url{http://www.bioinf.jku.at/publications/older/2604.pdf}",
}
@online{wiki:softmax,
  author       = "Wikipedia",
  title        = "Softmax",
  howpublished = "Википедия, свободная энциклопедия",
  year         = 2018,
  url          = {https://ru.wikipedia.org/wiki/Softmax},
  language     = "russian"
}
@online{cnn,
  author       = "Andrej Karpathy",
  title        = "Convolutional Neural Networks",
  year         = 2017,
  url          = {http://cs231n.github.io/convolutional-networks/},
  language     = "english"
}
@online{gradient_clipping,
  author       = "Sanyam Bhutani",
  title        = "Gradient Clipping",
  year         = 2017,
  url          = {https://hackernoon.com/gradient-clipping-57f04f0adae},
  language     = "english"
}
@online{optimizers,
  author       = "Sebastian Ruder",
  title        = "An overview of gradient descent optimization algorithms",
  year         = 2016,
  url          = {http://ruder.io/optimizing-gradient-descent/},
  language     = "english"
}
@online{bengio_rnn,
  author       = "Yoshua Bengio",
  title        = "Recurrent Neural Networks (RNNs)",
  year         = 2017,
  url          = {http://videolectures.net/deeplearning2017_bengio_rnn/},
  language     = "english"
}
@misc{bidir_rnn,
Author = {Mike Schuster and Kuldip K. Paliwal},
Title = {Bidirectional Recurrent Neural Networks},
Year = {1997},
howpublished = "\url{https://pdfs.semanticscholar.org/4b80/89bc9b49f84de43acc2eb8900035f7d492b2.pdf}",
}
@online{wiki:dropout,
  author       = "Wikipedia",
  title        = "Dropout",
  howpublished = "Википедия, свободная энциклопедия",
  year         = 2018,
  url          = {https://en.wikipedia.org/wiki/Dropout_(neural_networks)},
  language     = "english"
}
@misc{1506.03099,
Author = {Samy Bengio and Oriol Vinyals and Navdeep Jaitly and Noam Shazeer},
Title = {Scheduled Sampling for Sequence Prediction with Recurrent Neural Networks},
Year = {2015},
Eprint = {arXiv:1506.03099},
}
@misc{attention_rnn,
Author = {Minh-Thang Luong Hieu Pham Christopher D. Manning},
Title = {Effective Approaches to Attention-based Neural Machine Translation},
Year = {2015},
howpublished = "\url{https://nlp.stanford.edu/pubs/emnlp15_attn.pdf}",
}
@online{wiki:ensebling,
  author       = "Wikipedia",
  title        = "Ensemble learning",
  howpublished = "Википедия, свободная энциклопедия",
  year         = 2018,
  url          = {https://en.wikipedia.org/wiki/Ensemble_learning},
  language     = "english"
}
@misc{1609.01704,
Author = {Junyoung Chung and Sungjin Ahn and Yoshua Bengio},
Title = {Hierarchical Multiscale Recurrent Neural Networks},
Year = {2016},
Eprint = {arXiv:1609.01704},
}
@misc{1709.02755,
Author = {Tao Lei and Yu Zhang and Yoav Artzi},
Title = {Training RNNs as Fast as CNNs},
Year = {2017},
Eprint = {arXiv:1709.02755},
}
@online{rnn_meta,
  author       = "gwern.net",
  title        = "RNN METADATA FOR MIMICKING INDIVIDUAL AUTHOR STYLE",
  year         = 2015,
  url          = {https://www.gwern.net/RNN-metadata},
  language     = "english"
}
@misc{1406.2661,
Author = {Ian J. Goodfellow and Jean Pouget-Abadie and Mehdi Mirza and Bing Xu and David Warde-Farley and Sherjil Ozair and Aaron Courville and Yoshua Bengio},
Title = {Generative Adversarial Networks},
Year = {2014},
Eprint = {arXiv:1406.2661},
}
@misc{nash_eq,
Author = {Lillian J. Ratliff, Samuel A. Burden, and S. Shankar Sastry},
Title = {Characterization and Computation of Local Nash Equilibria in Continuous Games},
Year = {2013},
howpublished = "\url{https://people.eecs.berkeley.edu/~sastry/pubs/Pdfs%20of%202013/RatliffCharacterization2013.pdf}",
}
@misc{reinforce,
Author = {Quora},
Title = {What is the REINFORCE algorithm?},
Year = {2017},
howpublished = "\url{https://www.quora.com/What-is-the-REINFORCE-algorithm}",
}
@misc{1611.00712,
Author = {Chris J. Maddison and Andriy Mnih and Yee Whye Teh},
Title = {The Concrete Distribution: A Continuous Relaxation of Discrete Random Variables},
Year = {2016},
Eprint = {arXiv:1611.00712},
}
@misc{1611.01144,
Author = {Eric Jang and Shixiang Gu and Ben Poole},
Title = {Categorical Reparameterization with Gumbel-Softmax},
Year = {2016},
Eprint = {arXiv:1611.01144},
}
@misc{seqgan,
Author = {Lantao Yu and Weinan Zhang and Jun Wang and Yong Yu},
Title = {SeqGAN: Sequence Generative Adversarial Nets with Policy Gradient},
Year = {2016},
Eprint = {arXiv:1609.05473},
}
@misc{leakgan,
Author = {Jiaxian Guo and Sidi Lu and Han Cai and Weinan Zhang and Yong Yu and Jun Wang},
Title = {Long Text Generation via Adversarial Training with Leaked Information},
Year = {2017},
Eprint = {arXiv:1709.08624},
}
@misc{gsgan,
Author = {Matt J. Kusner and José Miguel Hernández-Lobato},
Title = {GANS for Sequences of Discrete Elements with the Gumbel-softmax Distribution},
Year = {2016},
Eprint = {arXiv:1611.04051},
}
@misc{mode_collapsing,
Author = {Aiden Nibali},
Title = {Mode collapse in GANs},
Year = {2017},
howpublished = "\url{http://aiden.nibali.org/blog/2017-01-18-mode-collapse-gans/}",
}
@misc{vae,
Author = {Diederik P Kingma and Max Welling},
Title = {Auto-Encoding Variational Bayes},
Year = {2013},
Eprint = {arXiv:1312.6114},
}
@article{text_vae,
Author = {Samuel R. Bowman and Luke Vilnis and Oriol Vinyals and Andrew M. Dai and Rafal Jozefowicz and Samy Bengio},
Title = {Generating Sentences from a Continuous Space},
Year = {2015},
Eprint = {arXiv:1511.06349},
Howpublished = {SIGNLL Conference on Computational Natural Language Learning
  (CONLL), 2016},
}
@misc{text_cvae,
Author = {Zhiting Hu and Zichao Yang and Xiaodan Liang and Ruslan Salakhutdinov and Eric P. Xing},
Title = {Toward Controlled Generation of Text},
Year = {2017},
Eprint = {arXiv:1703.00955},
}
@misc{sst,
Author = {Stanford NLP group},
Title = {Deeply Moving: Deep Learning for Sentiment Analysis},
Year = {2013},
howpublished = "\url{https://nlp.stanford.edu/sentiment/}",
}
@misc{imdb,
Author = {Andrew Maas},
Title = {Large Movie Review Dataset},
Year = {2011},
howpublished = "\url{http://ai.stanford.edu/~amaas/data/sentiment/}",
}
@online{wiki:bpe,
  author       = "Wikipedia",
  title        = "Byte pair encoding",
  howpublished = "Википедия, свободная энциклопедия",
  year         = 2018,
  url          = {https://en.wikipedia.org/wiki/Byte_pair_encoding},
  language     = "english"
}
@misc{pytorch,
Author = {Adam Paszke, Sam Gross, Soumith Chintala and Gregory Chanan},
Title = {PyTorch},
Year = {2013},
howpublished = "\url{https://pytorch.org/}",
}
@misc{github,
Author = {Stanislav Belyaev},
Title = {Text generation problem as bachelor thesis},
Year = {2018},
howpublished = "\url{https://github.com/stasbel/text-gen}",
}
@misc{1510.03820,
Author = {Ye Zhang and Byron Wallace},
Title = {A Sensitivity Analysis of (and Practitioners' Guide to) Convolutional Neural Networks for Sentence Classification},
Year = {2015},
Eprint = {arXiv:1510.03820},
}
@misc{1510.03820,
Author = {Ye Zhang and Byron Wallace},
Title = {A Sensitivity Analysis of (and Practitioners' Guide to) Convolutional Neural Networks for Sentence Classification},
Year = {2015},
Eprint = {arXiv:1510.03820},
}
@misc{glove,
Author = {Jeffrey Pennington, Richard Socher, Christopher D. Manning},
Title = {GloVe: Global Vectors for Word Representation},
Year = {2018},
howpublished = "\url{https://www.aclweb.org/anthology/D14-1162}",
}
@misc{1608.03983,
Author = {Ilya Loshchilov and Frank Hutter},
Title = {SGDR: Stochastic Gradient Descent with Warm Restarts},
Year = {2016},
Eprint = {arXiv:1608.03983},
}
@misc{fastai,
Author = {Jeremy Howard},
Title = {Fast.ai Deep Learning course},
Year = {2018},
howpublished = "\url{http://www.fast.ai/}",
}
@misc{1709.02755,
Author = {Tao Lei and Yu Zhang and Yoav Artzi},
Title = {Training RNNs as Fast as CNNs},
Year = {2017},
Eprint = {arXiv:1709.02755},
}
@misc{sbeamsearch,
Author = {Alan Mackworth},
Title = {Stochastic Local Search Algorithms},
Year = {2013},
howpublished = "\url{http://www.cs.ubc.ca/~mack/CS322/lectures/3-CSP7.pdf}",
}
@misc{1706.03762,
Author = {Ashish Vaswani and Noam Shazeer and Niki Parmar and Jakob Uszkoreit and Llion Jones and Aidan N. Gomez and Lukasz Kaiser and Illia Polosukhin},
Title = {Attention Is All You Need},
Year = {2017},
Eprint = {arXiv:1706.03762},
}
@misc{1805.08318,
Author = {Han Zhang and Ian Goodfellow and Dimitris Metaxas and Augustus Odena},
Title = {Self-Attention Generative Adversarial Networks},
Year = {2018},
Eprint = {arXiv:1805.08318},
}
@misc{1703.03906,
Author = {Denny Britz and Anna Goldie and Minh-Thang Luong and Quoc Le},
Title = {Massive Exploration of Neural Machine Translation Architectures},
Year = {2017},
Eprint = {arXiv:1703.03906},
}
@misc{aae,
Author = {Alireza Makhzani and Jonathon Shlens and Navdeep Jaitly and Ian Goodfellow and Brendan Frey},
Title = {Adversarial Autoencoders},
Year = {2015},
Eprint = {arXiv:1511.05644},
}
@misc{alphagan,
Author = {Mihaela Rosca and Balaji Lakshminarayanan and David Warde-Farley and Shakir Mohamed},
Title = {Variational Approaches for Auto-Encoding Generative Adversarial Networks},
Year = {2017},
Eprint = {arXiv:1706.04987},
}