@incollection{westfahl:space,
  author       = {Westfahl, Gary},
  title        = {The True Frontier},
  subtitle     = {Confronting and Avoiding the Realities of Space in {American}
                  Science Fiction Films},
  pages        = {55-65},
  crossref     = {westfahl:frontier},
  langid       = {english},
  langidopts   = {variant=american},
  indextitle   = {True Frontier, The},
  annotation   = {A cross-referenced article from a \texttt{collection}. This is
                  an \texttt{incollection} entry with a \texttt{crossref}
                  field. Note the \texttt{subtitle} and \texttt{indextitle}
                  fields},
}